<record xmlns="http://www.loc.gov/MARC21/slim">
   <leader>00709cam a22002173  45 0</leader>
   <controlfield tag="001">6784763</controlfield>
   <controlfield tag="003">OCoLC</controlfield>
   <controlfield tag="005">20150127134200.0</controlfield>
   <controlfield tag="008">140804s2015    xx            000 0 eng d</controlfield>
   <datafield ind1=" " ind2=" " tag="020">
      <subfield code="a">1612915817</subfield>
   </datafield>
   <datafield ind1=" " ind2=" " tag="020">
      <subfield code="a">9781612915814</subfield>
   </datafield>
   <datafield ind1=" " ind2=" " tag="040">
      <subfield code="a">YDXCP</subfield>
      <subfield code="b">eng</subfield>
      <subfield code="c">YDXCP</subfield>
      <subfield code="d">BTCTA</subfield>
      <subfield code="d">OCLCQ</subfield>
      <subfield code="d">AEVAC</subfield>
   </datafield>
   <datafield ind1=" " ind2=" " tag="090">
      <subfield code="a">BV 4597.52 S94 2015</subfield>
      <subfield code="b">AEVAC</subfield>
   </datafield>
   <datafield ind1="1" ind2=" " tag="100">
      <subfield code="a">Sweet, Leonard.</subfield>
   </datafield>
   <datafield ind1="1" ind2="0" tag="245">
      <subfield code="a">From tablet to table.</subfield>
   </datafield>
   <datafield ind1=" " ind2=" " tag="260">
      <subfield code="a">[Place of publication not identified] :</subfield>
      <subfield code="b">Tyndale House Publishers,</subfield>
      <subfield code="c">2015.</subfield>
   </datafield>
   <datafield ind1=" " ind2=" " tag="336">
      <subfield code="a">text</subfield>
      <subfield code="b">txt</subfield>
      <subfield code="2">rdacontent</subfield>
   </datafield>
   <datafield ind1=" " ind2=" " tag="337">
      <subfield code="a">unmediated</subfield>
      <subfield code="b">n</subfield>
      <subfield code="2">rdamedia</subfield>
   </datafield>
   <datafield ind1=" " ind2=" " tag="338">
      <subfield code="a">volume</subfield>
   </datafield>
   <datafield ind1=" " ind2=" " tag="596">
      <subfield code="a">59</subfield>
   </datafield>
   <datafield ind1=" " ind2=" " tag="926">
      <subfield code="a">BV 4597.52 S94 2015</subfield>
      <subfield code="w">AUTO</subfield>
      <subfield code="c">1</subfield>
      <subfield code="i">0163900691227</subfield>
      <subfield code="d">3/11/2015</subfield>
      <subfield code="e">2/25/2015</subfield>
      <subfield code="l">ON_SHELF</subfield>
      <subfield code="m">VANGUARD</subfield>
      <subfield code="n">3</subfield>
      <subfield code="r">Y</subfield>
      <subfield code="s">Y</subfield>
      <subfield code="t">BOOK</subfield>
      <subfield code="u">1/27/2015</subfield>
   </datafield>
</record>
